<record><leader>00000cas a22000007a 4500</leader><controlfield tag="001">13956808</controlfield><controlfield tag="008">860726c19289999iaudn ne      0    0eng d</controlfield><datafield ind1=" " ind2=" " tag="010"><subfield code="a">sn 86060057 </subfield></datafield><datafield ind1=" " ind2=" " tag="040"><subfield code="a">INP</subfield><subfield code="b">eng</subfield><subfield code="c">INP</subfield><subfield code="d">CUS</subfield><subfield code="d">OCLCQ</subfield><subfield code="d">OCLCF</subfield></datafield><datafield ind1="1" ind2=" " tag="029"><subfield code="a">AU@</subfield><subfield code="b">000025808107</subfield></datafield><datafield ind1=" " ind2=" " tag="042"><subfield code="a">msc</subfield></datafield><datafield ind1=" " ind2=" " tag="043"><subfield code="a">n-us-ia</subfield></datafield><datafield ind1="0" ind2=" " tag="130"><subfield code="a">Creston news advertiser (Creston, Iowa : Daily)</subfield></datafield><datafield ind1="1" ind2="0" tag="245"><subfield code="a">Creston news advertiser.</subfield></datafield><datafield ind1="1" ind2="7" tag="246"><subfield code="a">News advertiser</subfield><subfield code="f">Mar. 1, 1977-</subfield></datafield><datafield ind1=" " ind2=" " tag="260"><subfield code="a">Creston, Iowa :</subfield><subfield code="b">News Advertiser Co.,</subfield><subfield code="c">1928-</subfield></datafield><datafield ind1=" " ind2=" " tag="300"><subfield code="a">v. :</subfield><subfield code="b">ill.</subfield></datafield><datafield ind1=" " ind2=" " tag="310"><subfield code="a">Daily (except Saturday, Sunday and six holidays),</subfield><subfield code="b">July 11, 1975-</subfield></datafield><datafield ind1=" " ind2=" " tag="321"><subfield code="a">Daily (except Sunday),</subfield><subfield code="b">1928-July 5, 1975</subfield></datafield><datafield ind1="0" ind2=" " tag="362"><subfield code="a">49th year, no. 142 (Sept. 6, 1928)-</subfield></datafield><datafield ind1=" " ind2=" " tag="500"><subfield code="a">"Pioneer Days edition," depicting Creston's early development, issued Aug. 9, 1946; Creston's centennial commemorated June 25, 1969; other occasional special issues.</subfield></datafield><datafield ind1=" " ind2=" " tag="500"><subfield code="a">Publisher varies.</subfield></datafield><datafield ind1=" " ind2=" " tag="500"><subfield code="a">Official paper of Union County.</subfield></datafield><datafield ind1=" " ind2=" " tag="500"><subfield code="a">Editors: George A. Croft (managing editor), Sept. 6, 1928-Sept. 17, 1932; Frank C. Travers, Oct. 21, 1932-Nov. 30, 1946.</subfield></datafield><datafield ind1=" " ind2=" " tag="515"><subfield code="a">Occasional errors in numbering.</subfield></datafield><datafield ind1=" " ind2="0" tag="651"><subfield code="a">Creston (Iowa)</subfield><subfield code="v">Newspapers.</subfield></datafield><datafield ind1=" " ind2="7" tag="655"><subfield code="a">Newspapers.</subfield><subfield code="2">fast</subfield><subfield code="0">(OCoLC)fst01423814</subfield></datafield><datafield ind1=" " ind2="7" tag="651"><subfield code="a">Iowa</subfield><subfield code="z">Creston.</subfield><subfield code="2">fast</subfield><subfield code="0">(OCoLC)fst01218582</subfield></datafield><datafield ind1=" " ind2=" " tag="752"><subfield code="a">United States</subfield><subfield code="b">Iowa</subfield><subfield code="c">Union</subfield><subfield code="d">Creston.</subfield></datafield><datafield ind1="0" ind2=" " tag="775"><subfield code="t">Creston news advertiser (Creston, Iowa : Weekly)</subfield></datafield><datafield ind1="0" ind2="8" tag="776"><subfield code="i">Online version:</subfield><subfield code="t">Creston news advertiser (Creston, Iowa : Daily : Online)</subfield><subfield code="w">(DLC)sn 86060057</subfield><subfield code="w">(OCoLC)427365331</subfield></datafield><datafield ind1="0" ind2="4" tag="780"><subfield code="t">Creston evening news</subfield><subfield code="w">(DLC)sn 86060054</subfield></datafield><datafield ind1="0" ind2="4" tag="780"><subfield code="t">Creston daily advertiser (Creston, Iowa : 1923)</subfield><subfield code="w">(DLC)sn 86063089</subfield></datafield><datafield ind1="0" ind2="5" tag="780"><subfield code="t">Creston weekly times</subfield><subfield code="w">(DLC)sn 86060055</subfield></datafield></record>